<record><leader>00000cas a22000007a 4500</leader><controlfield tag="001">15077734</controlfield><controlfield tag="008">870116d18781887pauwr ne      0    0eng d</controlfield><datafield ind1=" " ind2=" " tag="010"><subfield code="a">sn 87080418 </subfield></datafield><datafield ind1=" " ind2=" " tag="040"><subfield code="a">NPH</subfield><subfield code="b">eng</subfield><subfield code="c">NPH</subfield><subfield code="d">CRL</subfield><subfield code="d">OCLCQ</subfield><subfield code="d">OCLCF</subfield><subfield code="d">OCLCO</subfield></datafield><datafield ind1="1" ind2=" " tag="029"><subfield code="a">AU@</subfield><subfield code="b">000020473207</subfield></datafield><datafield ind1=" " ind2=" " tag="042"><subfield code="a">msc</subfield></datafield><datafield ind1=" " ind2=" " tag="043"><subfield code="a">n-us-pa</subfield></datafield><datafield ind1="0" ind2="4" tag="245"><subfield code="a">The Greenville advance Argus.</subfield></datafield><datafield ind1="1" ind2="7" tag="246"><subfield code="a">Advance Argus</subfield></datafield><datafield ind1=" " ind2=" " tag="260"><subfield code="a">Greenville, Pa. :</subfield><subfield code="b">James C. Brown</subfield></datafield><datafield ind1=" " ind2=" " tag="300"><subfield code="a">v.</subfield></datafield><datafield ind1=" " ind2=" " tag="310"><subfield code="a">Weekly</subfield></datafield><datafield ind1="0" ind2=" " tag="362"><subfield code="a">-Dec. 8, 1887.</subfield></datafield><datafield ind1=" " ind2=" " tag="515"><subfield code="a">Issues for &lt;Jan. 10, 1878&gt; called &lt;Argus Vol. 18, no. 3&gt; and also &lt;Advance Vol. 8, no. 3&gt;</subfield></datafield><datafield ind1=" " ind2=" " tag="588"><subfield code="a">Description based on: Jan. 10, 1878.</subfield></datafield><datafield ind1=" " ind2="0" tag="651"><subfield code="a">Greenville (Mercer County, Pa.)</subfield><subfield code="v">Newspapers.</subfield></datafield><datafield ind1=" " ind2="7" tag="655"><subfield code="a">Newspapers.</subfield><subfield code="2">fast</subfield><subfield code="0">(OCoLC)fst01423814</subfield></datafield><datafield ind1=" " ind2="7" tag="651"><subfield code="a">Pennsylvania</subfield><subfield code="z">Greenville (Mercer County)</subfield><subfield code="2">fast</subfield><subfield code="0">(OCoLC)fst01313798</subfield></datafield><datafield ind1=" " ind2=" " tag="752"><subfield code="a">United States</subfield><subfield code="b">Pennsylvania</subfield><subfield code="c">Mercer</subfield><subfield code="d">Greenville.</subfield></datafield><datafield ind1="0" ind2="4" tag="780"><subfield code="t">Greenville advance (Greenville, Mercer County, Pa. : 1876)</subfield><subfield code="w">(DLC)sn 86053458</subfield></datafield><datafield ind1="0" ind2="4" tag="780"><subfield code="t">Shenango Valley Argus</subfield><subfield code="w">(DLC)sn 86053459</subfield></datafield><datafield ind1="0" ind2="0" tag="785"><subfield code="t">Advance argus</subfield><subfield code="w">(DLC)sn 87080424</subfield></datafield></record>